@misc{nakamotoFirstPost,
	author = {Nakamoto, S.},
	title = {Bitcoin P2P e-cash paper},
	year = {2008},
	url = {http://www.metzdowd.com/pipermail/cryptography/2008-October/014810.html},
	urldate = {2017-01-26}
}

@book{wattenhofer2016science,
  title={The Science of the Blockchain},
  author={Wattenhofer, R.},
  isbn={9781522751830},
  year={2016},
  publisher={Inverted Forest Publishing},
  edition = 1
}

@inproceedings{CAPtheorem,
 author = {Fox, A. and Brewer, E.},
 title = {Harvest, Yield, and Scalable Tolerant Systems},
 booktitle = {Proceedings of the The Seventh Workshop on Hot Topics in Operating Systems},
 series = {HOTOS '99},
 year = {1999},
 isbn = {0-7695-0237-7},
 pages = {174--},
 publisher = {IEEE Computer Society},
 doi={10.1109/HOTOS.1999.798396}
}


@Inbook{BitcoinBackbone51attacks,
  author    = {Garay, J. and Kiayias, A. and Leonardos, N.},
  title     = {The Bitcoin Backbone Protocol: Analysis and Applications},
  booktitle = {Advances in Cryptology - {EUROCRYPT} 2015 - 34th Annual International
               Conference on the Theory and Applications of Cryptographic Techniques,
               Sofia, Bulgaria, April 26-30, 2015, Proceedings, Part {II}},
  pages     = {281--310},
  year      = {2015},
  isbn      = {978-3-662-46802-9},
  editor = {Oswald, E. and Fischlin, M.},
  publisher = {Springer Berlin Heidelberg},
  address = {Berlin, Heidelberg},
  doi = {10.1007/978-3-662-46803-6_10},
}

@article{govPaperEthInteractions,
  author = {Reijers, W. and O'Brolchain, F. and Haynes, P.},
  title = {Governance in Blockchain Technologies \& Social Contract Theories},
  journal = {Ledger},
  volume = {1},
  number = {0},  
  year = {2016},
  issn = {2379-5980},
  pages = {134--151},
  url = {http://www.ledgerjournal.org/ojs/index.php/ledger/article/view/62},
  urldate = {2017-06-05}
}




